<record><leader>00000cas a2200000 a 4500</leader><controlfield tag="001">16736831</controlfield><controlfield tag="008">870923c19339999mouwr ne      0    0eng c</controlfield><datafield ind1=" " ind2=" " tag="010"><subfield code="a">sn 87065699 </subfield></datafield><datafield ind1=" " ind2=" " tag="040"><subfield code="a">MJA</subfield><subfield code="b">eng</subfield><subfield code="c">MJA</subfield><subfield code="d">MSJ</subfield><subfield code="d">PPM</subfield><subfield code="d">NPH</subfield><subfield code="d">MQN</subfield><subfield code="d">YOX</subfield><subfield code="d">HUL</subfield><subfield code="d">NVF</subfield><subfield code="d">DCN</subfield><subfield code="d">OCL</subfield><subfield code="d">CRL</subfield><subfield code="d">OCL</subfield><subfield code="d">OCLCQ</subfield><subfield code="d">OCLCF</subfield><subfield code="d">OCLCO</subfield></datafield><datafield ind1="1" ind2=" " tag="029"><subfield code="a">AU@</subfield><subfield code="b">000005612413</subfield></datafield><datafield ind1=" " ind2=" " tag="042"><subfield code="a">pcc</subfield></datafield><datafield ind1=" " ind2=" " tag="043"><subfield code="a">n-us-mo</subfield></datafield><datafield ind1="0" ind2="4" tag="082"><subfield code="a">071</subfield></datafield><datafield ind1="0" ind2=" " tag="130"><subfield code="a">Call (Kansas City, Mo. : 1933 : City ed.)</subfield></datafield><datafield ind1="1" ind2="4" tag="245"><subfield code="a">The call.</subfield></datafield><datafield ind1=" " ind2=" " tag="250"><subfield code="a">City ed.</subfield></datafield><datafield ind1=" " ind2=" " tag="260"><subfield code="a">Kansas City, Mo. :</subfield><subfield code="b">Kansas City Call Co.,</subfield><subfield code="c">1933-</subfield></datafield><datafield ind1=" " ind2=" " tag="300"><subfield code="a">v. ;</subfield><subfield code="c">58 cm.</subfield></datafield><datafield ind1=" " ind2=" " tag="310"><subfield code="a">Weekly</subfield></datafield><datafield ind1="0" ind2=" " tag="362"><subfield code="a">Vol. 15, no. 26 (Oct. 20, 1933)-</subfield></datafield><datafield ind1=" " ind2=" " tag="530"><subfield code="a">Also issued on microfilm from UMI, Ann Arbor, MI.</subfield></datafield><datafield ind1=" " ind2=" " tag="580"><subfield code="a">Also published in a Tulsa ed., Oct. 20, 1933-&lt;Dec. 3, 1937&gt;; a Texas ed.; and a Southwest (later national) ed., &lt;Jan. 3, 1936-Dec. 23/29, 1966&gt;</subfield></datafield><datafield ind1=" " ind2=" " tag="588"><subfield code="a">Latest issue consulted: Vol. 79, no. 23 (Dec. 25-31, 1998).</subfield></datafield><datafield ind1=" " ind2="0" tag="650"><subfield code="a">African Americans</subfield><subfield code="z">Missouri</subfield><subfield code="z">Kansas City</subfield><subfield code="v">Newspapers.</subfield></datafield><datafield ind1=" " ind2="0" tag="650"><subfield code="a">African Americans</subfield><subfield code="z">Southwestern States</subfield><subfield code="v">Newspapers.</subfield></datafield><datafield ind1=" " ind2="0" tag="651"><subfield code="a">Kansas City (Mo.)</subfield><subfield code="v">Newspapers.</subfield></datafield><datafield ind1=" " ind2="7" tag="655"><subfield code="a">Newspapers.</subfield><subfield code="2">fast</subfield><subfield code="0">(OCoLC)fst01423814</subfield></datafield><datafield ind1=" " ind2="7" tag="650"><subfield code="a">African Americans.</subfield><subfield code="2">fast</subfield><subfield code="0">(OCoLC)fst00799558</subfield></datafield><datafield ind1=" " ind2="7" tag="651"><subfield code="a">Missouri</subfield><subfield code="z">Kansas City.</subfield><subfield code="2">fast</subfield><subfield code="0">(OCoLC)fst01204999</subfield></datafield><datafield ind1=" " ind2="7" tag="651"><subfield code="a">United States</subfield><subfield code="z">Southwestern States.</subfield><subfield code="2">fast</subfield><subfield code="0">(OCoLC)fst01244559</subfield></datafield><datafield ind1=" " ind2=" " tag="752"><subfield code="a">United States</subfield><subfield code="b">Missouri</subfield><subfield code="d">Kansas City.</subfield></datafield><datafield ind1="1" ind2=" " tag="775"><subfield code="t">Call (Kansas City, Mo. : 1933 : Tulsa ed.)</subfield><subfield code="w">(DLC)sn 90061475</subfield><subfield code="w">(OCoLC)22351213</subfield></datafield><datafield ind1="1" ind2=" " tag="775"><subfield code="t">Call (Kansas City, Mo. : 1933 : Southwest ed.)</subfield><subfield code="w">(DLC)  2001225008</subfield><subfield code="w">(OCoLC)45795128</subfield></datafield><datafield ind1="0" ind2="0" tag="780"><subfield code="t">Kansas City call</subfield><subfield code="w">(DLC)sn 86063343</subfield><subfield code="w">(OCoLC)2258887</subfield></datafield></record>